<?xml version="1.0" encoding="UTF-8"?>
<record>
   <leader>03669cpcaa2200577Ia 45 0</leader>
   <controlfield tag="001">ocn275169316</controlfield>
   <controlfield tag="003">OCoLC</controlfield>
   <controlfield tag="005">20081120122117.0</controlfield>
   <controlfield tag="008">081120i18311995lau                 eng d</controlfield>
   <datafield ind1=" " ind2=" " tag="035">
      <subfield code="a">(OCoLC)275169316</subfield>
   </datafield>
   <datafield ind1=" " ind2=" " tag="040">
      <subfield code="a">LUU</subfield>
      <subfield code="c">LUU</subfield>
      <subfield code="e">dacs</subfield>
   </datafield>
   <datafield ind1="0" ind2=" " tag="041">
      <subfield code="a">eng</subfield>
      <subfield code="a">hun</subfield>
      <subfield code="a">ger</subfield>
   </datafield>
   <datafield ind1=" " ind2=" " tag="049">
      <subfield code="a">LUUU</subfield>
   </datafield>
   <datafield ind1="1" ind2=" " tag="100">
      <subfield code="a">Vállas, Antal,</subfield>
      <subfield code="d">1809-1869.</subfield>
   </datafield>
   <datafield ind1="1" ind2="0" tag="245">
      <subfield code="a">Antal Vállas and family papers,</subfield>
      <subfield code="f">1831-1995</subfield>
      <subfield code="g">(bulk 1841-1968).</subfield>
   </datafield>
   <datafield ind1=" " ind2=" " tag="300">
      <subfield code="a">2.25</subfield>
      <subfield code="f">linear ft.</subfield>
   </datafield>
   <datafield ind1=" " ind2=" " tag="300">
      <subfield code="a">5</subfield>
      <subfield code="f">v.</subfield>
   </datafield>
   <datafield ind1=" " ind2=" " tag="500">
      <subfield code="a">This manuscript group includes materials accessioned as Mss. 4439.</subfield>
   </datafield>
   <datafield ind1=" " ind2=" " tag="506">
      <subfield code="a">Originals in the vault are not to be accessed; use photocopies instead.</subfield>
   </datafield>
   <datafield ind1=" " ind2=" " tag="545">
      <subfield code="a">Antal Vállas was born on May 18, 1809, in the present-day city of Budapest, Hungary.  After moving to Louisiana, he was the first professor elected to the Louisiana State Seminary of Learning in 1859 and later served as Superintendent.</subfield>
   </datafield>
   <datafield ind1=" " ind2=" " tag="520">
      <subfield code="a">The Antal Vállas and Family Papers consist of correspondence, printed items, personal papers and photographs related to the personal and professional life of Vállas and his descendents.  The correspondence relates to the move of Vállas' family from his native Hungary to Nicaragua and eventually New Orleans and his employment as a professor at the Louisiana State Seminary of Learning and Military Academy and as an Episcopalian minister.  The printed items consist of Vállas' Hungarian publications, as well as clippings, invitations and programs.</subfield>
   </datafield>
   <datafield ind1=" " ind2=" " tag="530">
      <subfield code="a">William T. Sherman, P.G.T. Beauregard, Thomas Overton Moore and Leonidas Polk letters are available as photocopies.</subfield>
   </datafield>
   <datafield ind1=" " ind2=" " tag="540">
      <subfield code="a">Physical rights are retained by the LSU Libraries. Copyright is retained in accordance with U.S. copyright laws.</subfield>
   </datafield>
   <datafield ind1="1" ind2=" " tag="544">
      <subfield code="n">Anthony Vallas History, Mss. 965, Louisiana and Lower Mississippi Valley Collections, LSU Libraries, Baton Rouge, La.</subfield>
   </datafield>
   <datafield ind1=" " ind2=" " tag="546">
      <subfield code="a">Some correspondence and printed items are in Hungarian and a few letters are in German, French and Spanish.  Three printed items are in Latin.</subfield>
   </datafield>
   <datafield ind1=" " ind2=" " tag="555">
      <subfield code="a">Finding aid available.</subfield>
   </datafield>
   <datafield ind1=" " ind2=" " tag="524">
      <subfield code="a">Antal Vállas and Family Papers, Mss. 4439, Louisiana and Lower Mississippi Valley Collections, LSU Libraries, Baton Rouge, La.</subfield>
   </datafield>
   <datafield ind1="1" ind2="0" tag="600">
      <subfield code="a">Vállas, Antal,</subfield>
      <subfield code="d">1809-1869.</subfield>
   </datafield>
   <datafield ind1="1" ind2="0" tag="600">
      <subfield code="a">Vallas, Horace,</subfield>
      <subfield code="d">1852-1909.</subfield>
   </datafield>
   <datafield ind1="1" ind2="0" tag="600">
      <subfield code="a">Vallas, Miner Howard,</subfield>
      <subfield code="d">1897-1930.</subfield>
   </datafield>
   <datafield ind1="1" ind2="0" tag="600">
      <subfield code="a">Vallas, Beverly Warner,</subfield>
      <subfield code="d">b. 1901.</subfield>
   </datafield>
   <datafield ind1="1" ind2="0" tag="600">
      <subfield code="a">Vallas, Edna,</subfield>
      <subfield code="d">b. 1884.</subfield>
   </datafield>
   <datafield ind1="1" ind2="0" tag="600">
      <subfield code="a">Schüller, Stefan,</subfield>
      <subfield code="d">1851-1938.</subfield>
   </datafield>
   <datafield ind1="3" ind2="0" tag="600">
      <subfield code="a">Vallas family.</subfield>
   </datafield>
   <datafield ind1="2" ind2="0" tag="610">
      <subfield code="a">Episcopal Church.</subfield>
      <subfield code="b">Louisiana (Diocese)</subfield>
   </datafield>
   <datafield ind1="2" ind2="0" tag="610">
      <subfield code="a">Louisiana State Seminary of Learning and Military Academy.</subfield>
   </datafield>
   <datafield ind1="2" ind2="0" tag="610">
      <subfield code="a">Episcopal Church</subfield>
      <subfield code="z">Louisiana</subfield>
      <subfield code="z">New Orleans</subfield>
      <subfield code="x">Clergy.</subfield>
   </datafield>
   <datafield ind1=" " ind2="0" tag="650">
      <subfield code="a">Hungarians</subfield>
      <subfield code="z">United States.</subfield>
   </datafield>
   <datafield ind1=" " ind2="0" tag="651">
      <subfield code="a">Hungary</subfield>
      <subfield code="x">History.</subfield>
   </datafield>
   <datafield ind1=" " ind2="0" tag="651">
      <subfield code="a">United States</subfield>
      <subfield code="x">History</subfield>
      <subfield code="y">Civil War, 1861-1865</subfield>
      <subfield code="v">Personal narratives, Confederate.</subfield>
   </datafield>
   <datafield ind1=" " ind2="7" tag="655">
      <subfield code="a">Correspondence.</subfield>
      <subfield code="2">aat</subfield>
   </datafield>
   <datafield ind1=" " ind2="7" tag="655">
      <subfield code="a">Photographic prints.</subfield>
      <subfield code="2">aat</subfield>
   </datafield>
   <datafield ind1=" " ind2="7" tag="655">
      <subfield code="a">Atlases.</subfield>
      <subfield code="2">aat</subfield>
   </datafield>
   <datafield ind1=" " ind2="7" tag="655">
      <subfield code="a">Sermons.</subfield>
      <subfield code="2">aat</subfield>
   </datafield>
   <datafield ind1=" " ind2="7" tag="656">
      <subfield code="a">College teachers</subfield>
      <subfield code="z">Louisiana</subfield>
      <subfield code="z">Baton Rouge.</subfield>
      <subfield code="2">lcsh</subfield>
   </datafield>
   <datafield ind1="4" ind2="2" tag="856">
      <subfield code="3">Finding aid:</subfield>
      <subfield code="u">http://www.lib.lsu.edu/sites/default/files/sc/findaid/4439.pdf</subfield>
   </datafield>
   <datafield ind1=" " ind2=" " tag="994">
      <subfield code="a">C0</subfield>
      <subfield code="b">LUU</subfield>
   </datafield>
   <datafield ind1=" " ind2=" " tag="999">
      <subfield code="a">109:33-34</subfield>
      <subfield code="w">ALPHANUM</subfield>
      <subfield code="c">1</subfield>
      <subfield code="i">3313105-1001</subfield>
      <subfield code="l">LLMVC</subfield>
      <subfield code="m">SPEC_COLL</subfield>
      <subfield code="p">$4000.00</subfield>
      <subfield code="r">Y</subfield>
      <subfield code="s">Y</subfield>
      <subfield code="t">ARCH-MSS</subfield>
      <subfield code="u">11/20/2008</subfield>
      <subfield code="x">MANUSCRIPT</subfield>
      <subfield code="z">PAID</subfield>
   </datafield>
   <datafield ind1=" " ind2=" " tag="999">
      <subfield code="a">J:26-27</subfield>
      <subfield code="w">ALPHANUM</subfield>
      <subfield code="c">1</subfield>
      <subfield code="i">3313105-2001</subfield>
      <subfield code="l">LLMVC</subfield>
      <subfield code="m">SPEC_COLL</subfield>
      <subfield code="p">$4000.00</subfield>
      <subfield code="r">Y</subfield>
      <subfield code="s">Y</subfield>
      <subfield code="t">ARCH-MSS</subfield>
      <subfield code="u">11/20/2008</subfield>
      <subfield code="x">MANUSCRIPT</subfield>
      <subfield code="z">PAID</subfield>
   </datafield>
   <datafield ind1=" " ind2=" " tag="999">
      <subfield code="a">OS:V</subfield>
      <subfield code="w">ALPHANUM</subfield>
      <subfield code="c">1</subfield>
      <subfield code="i">3313105-3001</subfield>
      <subfield code="l">LLMVC</subfield>
      <subfield code="m">SPEC_COLL</subfield>
      <subfield code="p">$4000.00</subfield>
      <subfield code="r">Y</subfield>
      <subfield code="s">Y</subfield>
      <subfield code="t">ARCH-MSS</subfield>
      <subfield code="u">11/20/2008</subfield>
      <subfield code="x">MANUSCRIPT</subfield>
      <subfield code="z">PAID</subfield>
   </datafield>
   <datafield ind1=" " ind2=" " tag="999">
      <subfield code="a">VAULT:1</subfield>
      <subfield code="w">ALPHANUM</subfield>
      <subfield code="c">1</subfield>
      <subfield code="i">3313105-4001</subfield>
      <subfield code="l">LLMVC</subfield>
      <subfield code="m">SPEC_COLL</subfield>
      <subfield code="p">$4000.00</subfield>
      <subfield code="r">Y</subfield>
      <subfield code="s">Y</subfield>
      <subfield code="t">ARCH-MSS</subfield>
      <subfield code="u">11/20/2008</subfield>
      <subfield code="x">MANUSCRIPT</subfield>
      <subfield code="z">PAID</subfield>
   </datafield>
   <holdings>
      <record>
         <leader>00161cv  a22000734  4500</leader>
         <controlfield tag="001">967185</controlfield>
         <controlfield tag="008">0811202p    8   1001ba   0171128</controlfield>
         <datafield ind1="8" ind2=" " tag="852">
            <subfield code="b">SPEC_COLL</subfield>
            <subfield code="c">LLMVC</subfield>
            <subfield code="h">109:33-34</subfield>
         </datafield>
         <datafield ind1="4" ind2="1" tag="866">
            <subfield code="8">1</subfield>
            <subfield code="a">box 1-5</subfield>
         </datafield>
      </record>
      <record>
         <leader>00157cv  a22000734  4500</leader>
         <controlfield tag="001">967184</controlfield>
         <controlfield tag="008">0811202p    8   1001ba   0110105</controlfield>
         <datafield ind1="8" ind2=" " tag="852">
            <subfield code="b">SPEC_COLL</subfield>
            <subfield code="c">LLMVC</subfield>
            <subfield code="h">J:26-27</subfield>
         </datafield>
         <datafield ind1="4" ind2="1" tag="866">
            <subfield code="8">1</subfield>
            <subfield code="a">v.1-5</subfield>
         </datafield>
      </record>
      <record>
         <leader>00159cv  a22000734  4500</leader>
         <controlfield tag="001">967183</controlfield>
         <controlfield tag="008">0811202p    8   1001ba   0110105</controlfield>
         <datafield ind1="8" ind2=" " tag="852">
            <subfield code="b">SPEC_COLL</subfield>
            <subfield code="c">LLMVC</subfield>
            <subfield code="h">OS:V</subfield>
         </datafield>
         <datafield ind1="4" ind2="1" tag="866">
            <subfield code="8">1</subfield>
            <subfield code="a">folder 1-3</subfield>
         </datafield>
      </record>
      <record>
         <leader>00160cv  a22000734  4500</leader>
         <controlfield tag="001">967180</controlfield>
         <controlfield tag="008">0811202p    8   1001ba   0110105</controlfield>
         <datafield ind1="8" ind2=" " tag="852">
            <subfield code="b">SPEC_COLL</subfield>
            <subfield code="c">LLMVC</subfield>
            <subfield code="h">VAULT:1</subfield>
         </datafield>
         <datafield ind1="4" ind2="1" tag="866">
            <subfield code="8">1</subfield>
            <subfield code="a">folder 1</subfield>
         </datafield>
      </record>
   </holdings>
</record>
